<record><leader>00000cas a2200000 a 4500</leader><controlfield tag="001">2263388</controlfield><controlfield tag="008">760620d18821888couwr ne      0   a0eng d</controlfield><datafield ind1=" " ind2=" " tag="010"><subfield code="a">sn 83025510 </subfield></datafield><datafield ind1=" " ind2=" " tag="040"><subfield code="a">PIT</subfield><subfield code="b">eng</subfield><subfield code="c">PIT</subfield><subfield code="d">NPV</subfield><subfield code="d">NPH</subfield><subfield code="d">CNQ</subfield><subfield code="d">CNK</subfield><subfield code="d">CNW</subfield><subfield code="d">OCL</subfield><subfield code="d">OCLCQ</subfield><subfield code="d">DEBBG</subfield><subfield code="d">OCLCO</subfield></datafield><datafield ind1="7" ind2=" " tag="016"><subfield code="a">1245346-8</subfield><subfield code="2">DE-600</subfield></datafield><datafield ind1="1" ind2=" " tag="029"><subfield code="a">AU@</subfield><subfield code="b">000025815032</subfield></datafield><datafield ind1="1" ind2=" " tag="029"><subfield code="a">DEBBG</subfield><subfield code="b">BV002552397</subfield></datafield><datafield ind1=" " ind2=" " tag="042"><subfield code="a">msc</subfield></datafield><datafield ind1=" " ind2=" " tag="043"><subfield code="a">n-us-co</subfield></datafield><datafield ind1=" " ind2=" " tag="045"><subfield code="a">w8w8</subfield></datafield><datafield ind1=" " ind2="4" tag="050"><subfield code="a">HD6500</subfield><subfield code="b">.L32</subfield></datafield><datafield ind1=" " ind2=" " tag="052"><subfield code="a">4314</subfield><subfield code="b">D4</subfield></datafield><datafield ind1="0" ind2="4" tag="245"><subfield code="a">The Labor enquirer.</subfield></datafield><datafield ind1="1" ind2="7" tag="246"><subfield code="a">Kansas City organizer and the labor enquirer</subfield></datafield><datafield ind1=" " ind2=" " tag="260"><subfield code="a">Denver, Colo. :</subfield><subfield code="b">Buchanan &amp; Laverty,</subfield><subfield code="c">1882-1888.</subfield></datafield><datafield ind1=" " ind2=" " tag="300"><subfield code="a">v.</subfield></datafield><datafield ind1=" " ind2=" " tag="310"><subfield code="a">Weekly</subfield></datafield><datafield ind1="0" ind2=" " tag="362"><subfield code="a">Vol. 1, no. 1 (Dec. 16, 1882)-v. 8, no. 18 (May 5, 1888).</subfield></datafield><datafield ind1=" " ind2=" " tag="530"><subfield code="a">Available on microfilm from The State Historical Society of Wisconsin.</subfield></datafield><datafield ind1=" " ind2=" " tag="530"><subfield code="a">Available on microfilm from the Colorado Historical Society.</subfield></datafield><datafield ind1=" " ind2=" " tag="550"><subfield code="a">"Official organ of the Rocky Mountain Social League," -Mar. 19, 1887.</subfield></datafield><datafield ind1=" " ind2=" " tag="550"><subfield code="a">"Official organ of D.A. 89, Knights of Labor," Apr. 30, 1887-May 5, 1888.</subfield></datafield><datafield ind1=" " ind2=" " tag="550"><subfield code="a">"Official organ of the Union Labor Party of Colorado," Apr. 30, 1887-May 5, 1888.</subfield></datafield><datafield ind1=" " ind2="4" tag="651"><subfield code="a">Denver (Colo.)</subfield><subfield code="v">Newspapers.</subfield></datafield><datafield ind1="2" ind2=" " tag="710"><subfield code="a">Rocky Mountain Social League.</subfield></datafield><datafield ind1="2" ind2=" " tag="710"><subfield code="a">Knights of Labor.</subfield><subfield code="b">District Assembly no. 89, Denver, Colo.</subfield></datafield><datafield ind1="2" ind2=" " tag="710"><subfield code="a">National Union Labor Party.</subfield><subfield code="b">Colorado.</subfield></datafield><datafield ind1=" " ind2=" " tag="752"><subfield code="a">United States</subfield><subfield code="b">Colorado</subfield><subfield code="c">Denver</subfield><subfield code="d">Denver.</subfield></datafield><datafield ind1="0" ind2="5" tag="780"><subfield code="t">Organizer (Kansas City, Mo.)</subfield></datafield></record>